<?xml version="1.0" encoding="UTF-8"?>
<collection xmlns:xsi="http://www.w3.org/2001/XMLSchema-instance" xsi:schemaLocation="http://www.loc.gov/MARC21/slim http://www.loc.gov/standards/marcxml/schema/MARC21slim.xsd" xmlns="http://www.loc.gov/MARC21/slim">
<record>
  <leader>01341cam a2200325   4500</leader>
  <controlfield tag="001">4271901</controlfield>
  <controlfield tag="003">NNC</controlfield>
  <controlfield tag="005">20150920223043.0</controlfield>
  <controlfield tag="008">850225s1970    iq h     b    001 0 arax </controlfield>
  <datafield tag="010" ind1=" " ind2=" ">
    <subfield code="a">   70297477 </subfield>
  </datafield>
  <datafield tag="020" ind1=" " ind2=" ">
    <subfield code="c">0.75ID</subfield>
  </datafield>
  <datafield tag="035" ind1=" " ind2=" ">
    <subfield code="a">(OCoLC)13883854</subfield>
  </datafield>
  <datafield tag="035" ind1=" " ind2=" ">
    <subfield code="a">(OCoLC)ocm13883854</subfield>
  </datafield>
  <datafield tag="035" ind1=" " ind2=" ">
    <subfield code="a">(NNC)4271901</subfield>
  </datafield>
  <datafield tag="040" ind1=" " ind2=" ">
    <subfield code="c">NN</subfield>
    <subfield code="d">UkMaJRU</subfield>
  </datafield>
  <datafield tag="066" ind1=" " ind2=" ">
    <subfield code="c">(3</subfield>
  </datafield>
  <datafield tag="100" ind1="1" ind2=" ">
    <subfield code="6">880-01</subfield>
    <subfield code="a">Kushājim, Maḥmūd ibn al-Ḥusayn,</subfield>
    <subfield code="d">active 10th century.</subfield>
  </datafield>
  <datafield tag="245" ind1="0" ind2="0">
    <subfield code="6">880-02</subfield>
    <subfield code="a">Dīwān Kushājim /</subfield>
    <subfield code="c">Taḥqīq wa-sharḥ wa-taqdīm Khayrīyah Muḥammad Maḥfūẓ.</subfield>
  </datafield>
  <datafield tag="260" ind1=" " ind2=" ">
    <subfield code="6">880-03</subfield>
    <subfield code="a">Baghdād :</subfield>
    <subfield code="b">Wizārat al-ʾIʻlām Mudīrīyat al-Thaqāfah al-ʻĀmmah,</subfield>
    <subfield code="c">1970</subfield>
  </datafield>
  <datafield tag="300" ind1=" " ind2=" ">
    <subfield code="a">531 p.</subfield>
    <subfield code="b">facsims.</subfield>
    <subfield code="c">24 cm.</subfield>
  </datafield>
  <datafield tag="500" ind1=" " ind2=" ">
    <subfield code="a">In Arabic.</subfield>
  </datafield>
  <datafield tag="500" ind1=" " ind2=" ">
    <subfield code="a">Includes indexes.</subfield>
  </datafield>
  <datafield tag="504" ind1=" " ind2=" ">
    <subfield code="a">Bibliography: p. 501-505.</subfield>
  </datafield>
  <datafield tag="700" ind1="1" ind2=" ">
    <subfield code="6">880-04</subfield>
    <subfield code="a">Maḥfūẓ, Khayrīyah Muḥammad,</subfield>
    <subfield code="d">1928-</subfield>
    <subfield code="e">editor.</subfield>
  </datafield>
  <datafield tag="880" ind1="1" ind2=" ">
    <subfield code="6">100-01/(3/r</subfield>
    <subfield code="a">كشاجم، محمود بن الحسين,</subfield>
    <subfield code="d">active 10th century.</subfield>
  </datafield>
  <datafield tag="880" ind1="0" ind2="0">
    <subfield code="6">245-02/(3/r</subfield>
    <subfield code="a">ديوان كشاجم /</subfield>
    <subfield code="c">تحقيق و شرح و تقديم خيرية محمد محفوظ.</subfield>
  </datafield>
  <datafield tag="880" ind1=" " ind2=" ">
    <subfield code="6">260-03/(3/r</subfield>
    <subfield code="a">[بغداد] :</subfield>
    <subfield code="b">وزارة الإعلام مديرية الثقافة العامة،</subfield>
    <subfield code="c">[١٩٧٠]</subfield>
  </datafield>
  <datafield tag="880" ind1="1" ind2=" ">
    <subfield code="6">700-04/(3/r</subfield>
    <subfield code="a">محفوظ، خيرية محمد,</subfield>
    <subfield code="d">1928-.</subfield>
  </datafield>
  <datafield tag="955" ind1=" " ind2=" ">
    <subfield code="b">0026813203</subfield>
    <subfield code="d">glx</subfield>
    <subfield code="e">956 Ir32 no.17</subfield>
  </datafield>
</record>
</collection>